@Comment{$ biblatex control file $}
<<<<<<< HEAD
@Comment{$ biblatex bcf format version 3.7 $}
% Do not modify this file!
%
% This is an auxiliary file used by the 'biblatex' package.
% This file may safely be deleted. It will be recreated as
% required.

@Control{biblatex-control,
  options = {3.7:0:0:1:0:1:1:0:0:0:0:0:3:1:3:1:0:0:3:1:79:+:+:none},
=======
@Comment{$ biblatex version 2.9 $}
Do not modify this file!

This is an auxiliary file used by the 'biblatex' package.
This file may safely be deleted. It will be recreated as
required.

@Control{biblatex-control,
  options = {2.9:0:0:1:1:1:1:0:0:0:0:0:999:1:79:+:none},
>>>>>>> 65711adc10d96288917d1aaba2996bf656bbde5a
}
