@book{Jackson, 
	title={Classical electrodynamics}, 
	author={Jackson, John David.}, 
	year={1998}
}

@book{Griffiths,
	title={Intrduction to electrodynamics},
	author={Griffiths, David J.},
	year={2013},
	edition={4},
	publisher={Pearson},
}

@book{BornWolf1980, 
edition={6}, 
title={Principles of Optics: Electromagnetic Theory of Propagation, Interference and Diffraction of Light}, 
publisher={Cambridge University Press}, 
author={Born, Max and Wolf, Emil}, 
year={1980}}

@book{Reitz,
edition={4},
title={Foundations of electromagnetic theory},
publisher={Addison-Wesley Pub. Co.},
author={Reitz, John R. and Milford, F. J. and Christy, R, W,},
year={1993}}

@book{Bohren,
edition={},
title={Absorption and scattering of light by small particles},
publisher={John Wiley $\&$ Sons},
author={Bohren, C. F. and Huffman, D. R.},
year={1998}}